<?xml version="1.0" encoding="UTF-8"?><record xmlns="http://www.loc.gov/MARC21/slim" xmlns:cinclude="http://apache.org/cocoon/include/1.0" xmlns:zs="http://www.loc.gov/zing/srw/">
  <leader>00643nz  a2200145n  4500</leader>
  <controlfield tag="001">no2007002985</controlfield>
  <controlfield tag="003">DLC</controlfield>
  <controlfield tag="005">20070112075204.0</controlfield>
  <controlfield tag="008">070110n| acannaabn          |n aaa     c</controlfield>
  <datafield tag="010" ind1=" " ind2=" ">
    <subfield code="a">no2007002985</subfield>
  </datafield>
  <datafield tag="035" ind1=" " ind2=" ">
    <subfield code="a">(OCoLC)oca07294942</subfield>
  </datafield>
  <datafield tag="040" ind1=" " ind2=" ">
    <subfield code="a">DNA</subfield>
    <subfield code="b">eng</subfield>
    <subfield code="c">DNA</subfield>
  </datafield>
  <datafield tag="100" ind1="1" ind2=" ">
    <subfield code="a">Ciliax, Otto,</subfield>
    <subfield code="d">1891-1964</subfield>
  </datafield>
  <datafield tag="670" ind1=" " ind2=" ">
    <subfield code="a">Deutsche kampschiffe brechen durch den kanal, 1942:</subfield>
    <subfield code="b">(motion picture footage; Admiral Otto Ciliax addresses crew of battleship Scharnhorst)</subfield>
  </datafield>
  <datafield tag="670" ind1=" " ind2=" ">
    <subfield code="a">Answers.com WWW site, Jan. 10, 2006:</subfield>
    <subfield code="b">(Otto Ciliax; b. Oct. 30, 1891; d. Dec. 12, 1964; admiral in the German Navy; captain of the Scharnhorst; commanded Operation Cerberus in Feb. 1942)</subfield>
  </datafield>
</record>